<record><leader>00000cas a2200000 a 4500</leader><controlfield tag="001">23665047</controlfield><controlfield tag="008">910430d18931923sduwr ne      0   a0eng d</controlfield><datafield ind1=" " ind2=" " tag="010"><subfield code="a">sn 98069013 </subfield></datafield><datafield ind1=" " ind2=" " tag="040"><subfield code="a">USD</subfield><subfield code="b">eng</subfield><subfield code="c">USD</subfield><subfield code="d">SXN</subfield><subfield code="d">OCL</subfield><subfield code="d">OCLCQ</subfield><subfield code="d">OCLCF</subfield><subfield code="d">OCLCO</subfield></datafield><datafield ind1="1" ind2=" " tag="029"><subfield code="a">AU@</subfield><subfield code="b">000013904178</subfield></datafield><datafield ind1=" " ind2=" " tag="042"><subfield code="a">msc</subfield></datafield><datafield ind1=" " ind2=" " tag="043"><subfield code="a">n-us-sd</subfield></datafield><datafield ind1="0" ind2=" " tag="130"><subfield code="a">Plain talk (Vermillion, S.D. : 1893)</subfield></datafield><datafield ind1="1" ind2="0" tag="245"><subfield code="a">Plain talk.</subfield></datafield><datafield ind1="3" ind2="0" tag="246"><subfield code="a">Vermillion plain talk</subfield></datafield><datafield ind1="1" ind2=" " tag="246"><subfield code="i">Issue for Dec. 8, 1898 published as:</subfield><subfield code="a">Talk plain</subfield></datafield><datafield ind1=" " ind2=" " tag="260"><subfield code="a">Vermillion, S.D. :</subfield><subfield code="b">Ayers &amp; Johnson,</subfield><subfield code="c">1893-1923.</subfield></datafield><datafield ind1=" " ind2=" " tag="300"><subfield code="a">v. :</subfield><subfield code="b">ill.</subfield></datafield><datafield ind1=" " ind2=" " tag="310"><subfield code="a">Weekly</subfield></datafield><datafield ind1="0" ind2=" " tag="362"><subfield code="a">New ser., vol. 1 (Nov. 15, 1893) ; -v. 40, no. 35 (Aug. 16, 1923).</subfield></datafield><datafield ind1=" " ind2=" " tag="515"><subfield code="a">Vol. 1, no. 1 (Nov. 15, 1893)- called also v. 10-</subfield></datafield><datafield ind1=" " ind2=" " tag="530"><subfield code="a">Available on microfilm from: State Archives, South Dakota State Historical Society.</subfield></datafield><datafield ind1=" " ind2="0" tag="651"><subfield code="a">Vermillion (S.D.)</subfield><subfield code="v">Newspapers.</subfield></datafield><datafield ind1=" " ind2="0" tag="651"><subfield code="a">Clay County (S.D.)</subfield><subfield code="v">Newspapers.</subfield></datafield><datafield ind1=" " ind2="7" tag="655"><subfield code="a">Newspapers.</subfield><subfield code="2">fast</subfield><subfield code="0">(OCoLC)fst01423814</subfield></datafield><datafield ind1=" " ind2="7" tag="651"><subfield code="a">South Dakota</subfield><subfield code="z">Clay County.</subfield><subfield code="2">fast</subfield><subfield code="0">(OCoLC)fst01215573</subfield></datafield><datafield ind1=" " ind2="7" tag="651"><subfield code="a">South Dakota</subfield><subfield code="z">Vermillion.</subfield><subfield code="2">fast</subfield><subfield code="0">(OCoLC)fst01217710</subfield></datafield><datafield ind1=" " ind2=" " tag="752"><subfield code="a">United States</subfield><subfield code="b">South Dakota</subfield><subfield code="c">Clay</subfield><subfield code="d">Vermillion.</subfield></datafield><datafield ind1="0" ind2="0" tag="780"><subfield code="a">Clay County freeman</subfield></datafield><datafield ind1="0" ind2="0" tag="785"><subfield code="a">Vermillion plain talk (Vermillion, S.D. : 1923)</subfield><subfield code="w">(DLC)sn 98069014</subfield><subfield code="w">(OCoLC)23665071</subfield></datafield></record>